@article{Abdella2019,
    title = {{Airline ticket price and demand prediction: A survey}},
    year = {2019},
    journal = {Journal of King Saud University - Computer and Information Sciences},
    author = {Abdella, Juhar Ahmed and Zaki, Nazar and Shuaib, Khaled and Khan, Fahad},
    publisher = {The Authors},
    url = {https://doi.org/10.1016/j.jksuci.2019.02.001},
    doi = {10.1016/j.jksuci.2019.02.001},
    issn = {22131248},
    keywords = {Deep learning line, Demand prediction, Price discrimination, Social media, Survey, Ticket price prediction}
}

@incollection{doi:10.1002/9781118557426.ch9,
    title = {{DEC-MDP/POMDP}},
    year = {2013},
    booktitle = {Markov Decision Processes in Artificial Intelligence},
    author = {Beynier, Aurélie and Charpillet, François and Szer, Daniel and Mouaddib, Abdel-Illah},
    chapter = {9},
    pages = {277--318},
    publisher = {John Wiley {\&} Sons, Ltd},
    url = {https://onlinelibrary.wiley.com/doi/abs/10.1002/9781118557426.ch9},
    isbn = {9781118557426},
    doi = {10.1002/9781118557426.ch9},
    keywords = {DEC-POMDPs, decentralized Markov decision processes (DEC-MDPs, multiagent decentralized control, multiagent decision problems}
}

@techreport{Touraine2018DynamicPaper,
    title = {{Dynamic Offer Creation White Paper}},
    year = {2018},
    author = {Touraine, Sébastien and Coles, Henry},
    number = {October},
    pages = {26},
    url = {https://www.iata.org/whatwedo/airline-distribution/Documents/air-white-paper-dynamic-offer-creation.pdf},
    institution = {International Air Transport Association},
    address = {Geneva}
}

@misc{denBoer2015DynamicDirections,
    title = {{Dynamic pricing and learning: Historical origins, current research, and new directions}},
    year = {2015},
    booktitle = {Surveys in Operations Research and Management Science},
    author = {den Boer, Arnoud V.},
    doi = {10.1016/j.sorms.2015.03.001},
    issn = {18767354}
}

@inproceedings{Carvalho2003DynamicLearning,
    title = {{Dynamic Pricing and Reinforcement Learning}},
    year = {2003},
    booktitle = {Proceedings of the International Joint Conference on Neural Networks},
    author = {Carvalho, Alexandre X. and Puterman, Martin L.},
    doi = {10.1109/ijcnn.2003.1224034}
}

@inproceedings{Carvalho2003DynamicLearningb,
    title = {{Dynamic Pricing and Reinforcement Learning}},
    year = {2003},
    booktitle = {Proceedings of the International Joint Conference on Neural Networks},
    author = {Carvalho, Alexandre Xavier Ywata and Puterman, Martin L.},
    doi = {10.1109/IJCNN.2003.1224034}
}

@misc{Competitoor2016Dynamic2016,
    title = {{Dynamic Pricing: How It Works and How Much It's Used in 2016}},
    year = {2016},
    booktitle = {Competitoor},
    author = {{Competitoor}},
    url = {https://competitoor.com/dynamic-pricing-how-works/}
}

@article{Hansen2004DynamicGames,
    title = {{Dynamic programming for partially observable stochastic games}},
    year = {2004},
    journal = {AAAI Workshop - Technical Report},
    author = {Hansen, Eric A. and Bernstein, Daniel S. and Zilberstein, Shlomo},
    number = {2000},
    pages = {25--30},
    volume = {WS-04-08},
    keywords = {Copyright {\textcopyright} 2004 American Association for Artifici}
}

@article{Raju2006LearningSegmentation,
    title = {{Learning dynamic prices in electronic retail markets with customer segmentation}},
    year = {2006},
    journal = {Annals of Operations Research},
    author = {Raju, C. V. L. and Narahari, Y. and Ravikumar, K.},
    number = {1},
    pages = {59--75},
    volume = {143},
    url = {http://lcm.csa.iisc.ernet.in/hari/all-publications/journals-book-chapters/Learning Dynamic Prices.pdf},
    doi = {10.1007/s10479-006-7372-3}
}

@phdthesis{Rummery1994OnlineSystems,
    title = {{Online Q-Learning Using Connectionist Systems}},
    year = {1994},
    author = {Rummery, G A and Niranjan, M},
    number = {September},
    pages = {1--21},
    school = {Cambridge University}
}

@article{Rana2014Real-timeLearning,
    title = {{Real-time dynamic pricing in a non-stationary environment using model-free reinforcement learning}},
    year = {2014},
    journal = {Omega (United Kingdom)},
    author = {Rana, Rupal and Oliveira, Fernando S.},
    pages = {116--126},
    volume = {47},
    doi = {10.1016/j.omega.2013.10.004},
    issn = {03050483},
    keywords = {Dynamic pricing, Reinforcement learning, Revenue management, Simulation}
}

@inproceedings{Boutilier1999SequentialSystems,
    title = {{Sequential optimality and coordination in multiagent systems}},
    year = {1999},
    booktitle = {IJCAI International Joint Conference on Artificial Intelligence},
    author = {Boutilier, Craig},
    issn = {10450823}
}

@article{Papadimitriou1987TheProcesses,
    title = {{The Complexity of Markov Decision Processes}},
    year = {1987},
    journal = {Mathematics of Operations Research},
    author = {Papadimitriou, Christos H. and Tsitsiklis, John N.},
    doi = {10.1287/moor.12.3.441},
    issn = {0364-765X}
}

@misc{Steinberg2019UnderstandingClasses,
    title = {{Understanding American Airlines’ Revenue, Award and Upgrade Fare Classes}},
    year = {2019},
    author = {Steinberg, Ethan},
    url = {https://thepointsguy.com/guide/american-airlines-fare-classes/}
}